@Article{Albaugh:2001,
  author = {Albaugh, Neil},
  title = {Optoelectronics Circuit Collection},
  year = {2001},
  OPTmonth = {September},
  organization = {Burr-Brown Products from Texas Instruments},
}

@Book{AshcroftMermin:1976,
  ALTauthor = {Ashcroft, Neil W., Mermin, David N.},
  ALTeditor = {},
  title = {Solid State Physics},
  publisher = {Harcourt College Publishers},
  year = {1976},
}

@Misc{SeebeckPeltier,
  title = "\href{http://www.phy.olemiss.edu/~cremaldi/PHYS417/Seebeck%20and%20Peltier%20Effects.pdf}{Seebeck and Peltier Effects}",
  OPTURL = {http://www.phy.olemiss.edu/~cremaldi/PHYS417/Seebeck%20and%20Peltier%20Effects.pdf},
  OPTnote = {Ole Miss lecture notes},
}
