@misc{ArduinoYun,
  title        = {{Getting Started with the Arduino YÃºn Rev. 2}},
  url          = {https://www.arduino.cc/en/Guide/ArduinoYunRev2},
  howpublished={\url{https://www.arduino.cc/en/Guide/ArduinoYunRev2}}
}

@Misc{Tor,
  title = {{Tor Project}},
  howpublished = {\url{https://www.torproject.org/}},
  url = {https://www.torproject.org/},
}
